@String(PAMI = {IEEE Trans. Pattern Anal. Mach. Intell.})
@String(IJCV = {Int. J. Comput. Vis.})
@String(CVPR= {IEEE Conf. Comput. Vis. Pattern Recog.})
@String(ICCV= {Int. Conf. Comput. Vis.})
@String(ECCV= {Eur. Conf. Comput. Vis.})
@String(NIPS= {Adv. Neural Inform. Process. Syst.})
@String(ICPR = {Int. Conf. Pattern Recog.})
@String(BMVC= {Brit. Mach. Vis. Conf.})
@String(TOG= {ACM Trans. Graph.})
@String(TIP  = {IEEE Trans. Image Process.})
@String(TVCG  = {IEEE Trans. Vis. Comput. Graph.})
@String(TMM  = {IEEE Trans. Multimedia})
@String(ACMMM= {ACM Int. Conf. Multimedia})
@String(ICME = {Int. Conf. Multimedia and Expo})
@String(ICASSP=	{ICASSP})
@String(ICIP = {IEEE Int. Conf. Image Process.})
@String(ACCV  = {ACCV})
@String(ICLR = {Int. Conf. Learn. Represent.})
@String(IJCAI = {IJCAI})
@String(PR   = {Pattern Recognition})
@String(AAAI = {AAAI})
@String(CVPRW= {IEEE Conf. Comput. Vis. Pattern Recog. Worksh.})
@String(CSVT = {IEEE Trans. Circuit Syst. Video Technol.})

@String(SPL	= {IEEE Sign. Process. Letters})
@String(VR   = {Vis. Res.})
@String(JOV	 = {J. Vis.})
@String(TVC  = {The Vis. Comput.})
@String(JCST  = {J. Comput. Sci. Tech.})
@String(CGF  = {Comput. Graph. Forum})
@String(CVM = {Computational Visual Media})


@String(PAMI  = {IEEE TPAMI})
@String(IJCV  = {IJCV})
@String(CVPR  = {CVPR})
@String(ICCV  = {ICCV})
@String(ECCV  = {ECCV})
@String(NIPS  = {NeurIPS})
@String(ICPR  = {ICPR})
@String(BMVC  =	{BMVC})
@String(TOG   = {ACM TOG})
@String(TIP   = {IEEE TIP})
@String(TVCG  = {IEEE TVCG})
@String(TCSVT = {IEEE TCSVT})
@String(TMM   =	{IEEE TMM})
@String(ACMMM = {ACM MM})
@String(ICME  =	{ICME})
@String(ICASSP=	{ICASSP})
@String(ICIP  = {ICIP})
@String(ACCV  = {ACCV})
@String(ICLR  = {ICLR})
@String(IJCAI = {IJCAI})
@String(PR = {PR})
@String(AAAI = {AAAI})
@String(CVPRW= {CVPRW})
@String(CSVT = {IEEE TCSVT})

@misc{savinov2022stepunrolled,
      title={Step-unrolled Denoising Autoencoders for Text Generation}, 
      author={Nikolay Savinov and Junyoung Chung and Mikolaj Binkowski and Erich Elsen and Aaron van den Oord},
      year={2022},
      eprint={2112.06749},
      archivePrefix={arXiv},
      primaryClass={cs.CL}
}

@misc{esser2021taming,
      title={Taming Transformers for High-Resolution Image Synthesis}, 
      author={Patrick Esser and Robin Rombach and Björn Ommer},
      year={2021},
      eprint={2012.09841},
      archivePrefix={arXiv},
      primaryClass={cs.CV}
}

@misc{nawrot2021hierarchical,
      title={Hierarchical Transformers Are More Efficient Language Models}, 
      author={Piotr Nawrot and Szymon Tworkowski and Michał Tyrolski and Łukasz Kaiser and Yuhuai Wu and Christian Szegedy and Henryk Michalewski},
      year={2021},
      eprint={2110.13711},
      archivePrefix={arXiv},
      primaryClass={cs.LG}
}

@misc{bondtaylor2021unleashing,
      title={Unleashing Transformers: Parallel Token Prediction with Discrete Absorbing Diffusion for Fast High-Resolution Image Generation from Vector-Quantized Codes}, 
      author={Sam Bond-Taylor and Peter Hessey and Hiroshi Sasaki and Toby P. Breckon and Chris G. Willcocks},
      year={2021},
      eprint={2111.12701},
      archivePrefix={arXiv},
      primaryClass={cs.CV}
}

@misc{su2021roformer,
      title={RoFormer: Enhanced Transformer with Rotary Position Embedding}, 
      author={Jianlin Su and Yu Lu and Shengfeng Pan and Bo Wen and Yunfeng Liu},
      year={2021},
      eprint={2104.09864},
      archivePrefix={arXiv},
      primaryClass={cs.CL}
}

@misc{oord2018neural,
      title={Neural Discrete Representation Learning}, 
      author={Aaron van den Oord and Oriol Vinyals and Koray Kavukcuoglu},
      year={2018},
      eprint={1711.00937},
      archivePrefix={arXiv},
      primaryClass={cs.LG}
}

@misc{razavi2019generating,
      title={Generating Diverse High-Fidelity Images with VQ-VAE-2}, 
      author={Ali Razavi and Aaron van den Oord and Oriol Vinyals},
      year={2019},
      eprint={1906.00446},
      archivePrefix={arXiv},
      primaryClass={cs.LG}
}

@misc{karras2019stylebased,
      title={A Style-Based Generator Architecture for Generative Adversarial Networks}, 
      author={Tero Karras and Samuli Laine and Timo Aila},
      year={2019},
      eprint={1812.04948},
      archivePrefix={arXiv},
      primaryClass={cs.NE}
}

@misc{russakovsky2015imagenet,
      title={ImageNet Large Scale Visual Recognition Challenge}, 
      author={Olga Russakovsky and Jia Deng and Hao Su and Jonathan Krause and Sanjeev Satheesh and Sean Ma and Zhiheng Huang and Andrej Karpathy and Aditya Khosla and Michael Bernstein and Alexander C. Berg and Li Fei-Fei},
      year={2015},
      eprint={1409.0575},
      archivePrefix={arXiv},
      primaryClass={cs.CV}
}

@misc{rope-eleutherai,
  title = {Rotary Embeddings: A Relative Revolution},
  author = {Biderman, Stella and Black, Sid and Foster, Charles and Gao, Leo and Hallahan, Eric and He, Horace and Wang, Ben and Wang, Phil},
  howpublished = {\url{blog.eleuther.ai/}},
  note = {[Online; accessed ]},
  year = {2021}
}


@article{bondtaylor2021review,
   title={Deep Generative Modelling: A Comparative Review of VAEs, GANs, Normalizing Flows, Energy-Based and Autoregressive Models},
   ISSN={1939-3539},
   url={http://dx.doi.org/10.1109/TPAMI.2021.3116668},
   DOI={10.1109/tpami.2021.3116668},
   journal={IEEE Transactions on Pattern Analysis and Machine Intelligence},
   publisher={Institute of Electrical and Electronics Engineers (IEEE)},
   author={Bond-Taylor, Sam and Leach, Adam and Long, Yang and Willcocks, Chris G.},
   year={2021},
   pages={1–1} }

@misc{vaswani2017attention,
      title={Attention Is All You Need}, 
      author={Ashish Vaswani and Noam Shazeer and Niki Parmar and Jakob Uszkoreit and Llion Jones and Aidan N. Gomez and Lukasz Kaiser and Illia Polosukhin},
      year={2017},
      eprint={1706.03762},
      archivePrefix={arXiv},
      primaryClass={cs.CL}
}

@misc{dai2020funneltransformer,
      title={Funnel-Transformer: Filtering out Sequential Redundancy for Efficient Language Processing}, 
      author={Zihang Dai and Guokun Lai and Yiming Yang and Quoc V. Le},
      year={2020},
      eprint={2006.03236},
      archivePrefix={arXiv},
      primaryClass={cs.LG}
}

@misc{devlin2019bert,
      title={BERT: Pre-training of Deep Bidirectional Transformers for Language Understanding}, 
      author={Jacob Devlin and Ming-Wei Chang and Kenton Lee and Kristina Toutanova},
      year={2019},
      eprint={1810.04805},
      archivePrefix={arXiv},
      primaryClass={cs.CL}
}

@misc{wang2019bert,
      title={BERT has a Mouth, and It Must Speak: BERT as a Markov Random Field Language Model}, 
      author={Alex Wang and Kyunghyun Cho},
      year={2019},
      eprint={1902.04094},
      archivePrefix={arXiv},
      primaryClass={cs.CL}
}
