@misc{savinov2022stepunrolled,
      title={Step-unrolled Denoising Autoencoders for Text Generation}, 
      author={Nikolay Savinov and Junyoung Chung and Mikolaj Binkowski and Erich Elsen and Aaron van den Oord},
      year={2022},
      eprint={2112.06749},
      archivePrefix={arXiv},
      primaryClass={cs.CL}
}

@misc{esser2021taming,
      title={Taming Transformers for High-Resolution Image Synthesis}, 
      author={Patrick Esser and Robin Rombach and Björn Ommer},
      year={2021},
      eprint={2012.09841},
      archivePrefix={arXiv},
      primaryClass={cs.CV}
}

@misc{nawrot2021hierarchical,
      title={Hierarchical Transformers Are More Efficient Language Models}, 
      author={Piotr Nawrot and Szymon Tworkowski and Michał Tyrolski and Łukasz Kaiser and Yuhuai Wu and Christian Szegedy and Henryk Michalewski},
      year={2021},
      eprint={2110.13711},
      archivePrefix={arXiv},
      primaryClass={cs.LG}
}

@misc{bondtaylor2021unleashing,
      title={Unleashing Transformers: Parallel Token Prediction with Discrete Absorbing Diffusion for Fast High-Resolution Image Generation from Vector-Quantized Codes}, 
      author={Sam Bond-Taylor and Peter Hessey and Hiroshi Sasaki and Toby P. Breckon and Chris G. Willcocks},
      year={2021},
      eprint={2111.12701},
      archivePrefix={arXiv},
      primaryClass={cs.CV}
}

@misc{su2021roformer,
      title={RoFormer: Enhanced Transformer with Rotary Position Embedding}, 
      author={Jianlin Su and Yu Lu and Shengfeng Pan and Bo Wen and Yunfeng Liu},
      year={2021},
      eprint={2104.09864},
      archivePrefix={arXiv},
      primaryClass={cs.CL}
}

@misc{oord2018neural,
      title={Neural Discrete Representation Learning}, 
      author={Aaron van den Oord and Oriol Vinyals and Koray Kavukcuoglu},
      year={2018},
      eprint={1711.00937},
      archivePrefix={arXiv},
      primaryClass={cs.LG}
}

@misc{razavi2019generating,
      title={Generating Diverse High-Fidelity Images with VQ-VAE-2}, 
      author={Ali Razavi and Aaron van den Oord and Oriol Vinyals},
      year={2019},
      eprint={1906.00446},
      archivePrefix={arXiv},
      primaryClass={cs.LG}
}

@misc{karras2019stylebased,
      title={A Style-Based Generator Architecture for Generative Adversarial Networks}, 
      author={Tero Karras and Samuli Laine and Timo Aila},
      year={2019},
      eprint={1812.04948},
      archivePrefix={arXiv},
      primaryClass={cs.NE}
}

