@String(PAMI = {IEEE Trans. Pattern Anal. Mach. Intell.})
@String(IJCV = {Int. J. Comput. Vis.})
@String(CVPR= {IEEE Conf. Comput. Vis. Pattern Recog.})
@String(ICCV= {Int. Conf. Comput. Vis.})
@String(ECCV= {Eur. Conf. Comput. Vis.})
@String(NIPS= {Adv. Neural Inform. Process. Syst.})
@String(ICPR = {Int. Conf. Pattern Recog.})
@String(BMVC= {Brit. Mach. Vis. Conf.})
@String(TOG= {ACM Trans. Graph.})
@String(TIP  = {IEEE Trans. Image Process.})
@String(TVCG  = {IEEE Trans. Vis. Comput. Graph.})
@String(TMM  = {IEEE Trans. Multimedia})
@String(ACMMM= {ACM Int. Conf. Multimedia})
@String(ICME = {Int. Conf. Multimedia and Expo})
@String(ICASSP=	{ICASSP})
@String(ICIP = {IEEE Int. Conf. Image Process.})
@String(ACCV  = {ACCV})
@String(ICLR = {Int. Conf. Learn. Represent.})
@String(IJCAI = {IJCAI})
@String(PR   = {Pattern Recognition})
@String(AAAI = {AAAI})
@String(CVPRW= {IEEE Conf. Comput. Vis. Pattern Recog. Worksh.})
@String(CSVT = {IEEE Trans. Circuit Syst. Video Technol.})

@String(SPL	= {IEEE Sign. Process. Letters})
@String(VR   = {Vis. Res.})
@String(JOV	 = {J. Vis.})
@String(TVC  = {The Vis. Comput.})
@String(JCST  = {J. Comput. Sci. Tech.})
@String(CGF  = {Comput. Graph. Forum})
@String(CVM = {Computational Visual Media})


@String(PAMI  = {IEEE TPAMI})
@String(IJCV  = {IJCV})
@String(CVPR  = {CVPR})
@String(ICCV  = {ICCV})
@String(ECCV  = {ECCV})
@String(NIPS  = {NeurIPS})
@String(ICPR  = {ICPR})
@String(BMVC  =	{BMVC})
@String(TOG   = {ACM TOG})
@String(TIP   = {IEEE TIP})
@String(TVCG  = {IEEE TVCG})
@String(TCSVT = {IEEE TCSVT})
@String(TMM   =	{IEEE TMM})
@String(ACMMM = {ACM MM})
@String(ICME  =	{ICME})
@String(ICASSP=	{ICASSP})
@String(ICIP  = {ICIP})
@String(ACCV  = {ACCV})
@String(ICLR  = {ICLR})
@String(IJCAI = {IJCAI})
@String(PR = {PR})
@String(AAAI = {AAAI})
@String(CVPRW= {CVPRW})
@String(CSVT = {IEEE TCSVT})

@misc{ho2020ddpm,
    Author = {Jonathan Ho and Ajay Jain and Pieter Abbeel},
    Title = {Denoising Diffusion Probabilistic Models},
    Year = {2020},
    Eprint = {arXiv:2006.11239},
}

@misc{song2019sbm,
    Author = {Yang Song and Stefano Ermon},
    Title = {Generative Modeling by Estimating Gradients of the Data Distribution},
    Year = {2019},
    Eprint = {arXiv:1907.05600},
}

@misc{song2020sde,
    Author = {Yang Song and Jascha Sohl-Dickstein and Diederik P. Kingma and Abhishek Kumar and Stefano Ermon and Ben Poole},
    Title = {Score-Based Generative Modeling through Stochastic Differential Equations},
    Year = {2020},
    Eprint = {arXiv:2011.13456},
}

@misc{dhariwal2021ddpm,
    Author = {Prafulla Dhariwal and Alex Nichol},
    Title = {Diffusion Models Beat GANs on Image Synthesis},
    Year = {2021},
    Eprint = {arXiv:2105.05233},
}

@misc{song2021mlt,
    Author = {Yang Song and Conor Durkan and Iain Murray and Stefano Ermon},
    Title = {Maximum Likelihood Training of Score-Based Diffusion Models},
    Year = {2021},
    Eprint = {arXiv:2101.09258},
}
    
@misc{savinov2022stepunrolled,
      title={Step-unrolled Denoising Autoencoders for Text Generation}, 
      author={Nikolay Savinov and Junyoung Chung and Mikolaj Binkowski and Erich Elsen and Aaron van den Oord},
      year={2022},
      eprint={2112.06749},
      archivePrefix={arXiv},
      primaryClass={cs.CL}
}

@misc{esser2021taming,
      title={Taming Transformers for High-Resolution Image Synthesis}, 
      author={Patrick Esser and Robin Rombach and Björn Ommer},
      year={2021},
      eprint={2012.09841},
      archivePrefix={arXiv},
      primaryClass={cs.CV}
}

@misc{nawrot2021hierarchical,
      title={Hierarchical Transformers Are More Efficient Language Models}, 
      author={Piotr Nawrot and Szymon Tworkowski and Michał Tyrolski and Łukasz Kaiser and Yuhuai Wu and Christian Szegedy and Henryk Michalewski},
      year={2021},
      eprint={2110.13711},
      archivePrefix={arXiv},
      primaryClass={cs.LG}
}

@misc{bondtaylor2021unleashing,
      title={Unleashing Transformers: Parallel Token Prediction with Discrete Absorbing Diffusion for Fast High-Resolution Image Generation from Vector-Quantized Codes}, 
      author={Sam Bond-Taylor and Peter Hessey and Hiroshi Sasaki and Toby P. Breckon and Chris G. Willcocks},
      year={2021},
      eprint={2111.12701},
      archivePrefix={arXiv},
      primaryClass={cs.CV}
}

@misc{su2021roformer,
      title={RoFormer: Enhanced Transformer with Rotary Position Embedding}, 
      author={Jianlin Su and Yu Lu and Shengfeng Pan and Bo Wen and Yunfeng Liu},
      year={2021},
      eprint={2104.09864},
      archivePrefix={arXiv},
      primaryClass={cs.CL}
}

@misc{oord2018neural,
      title={Neural Discrete Representation Learning}, 
      author={Aaron van den Oord and Oriol Vinyals and Koray Kavukcuoglu},
      year={2018},
      eprint={1711.00937},
      archivePrefix={arXiv},
      primaryClass={cs.LG}
}

@misc{razavi2019generating,
      title={Generating Diverse High-Fidelity Images with VQ-VAE-2}, 
      author={Ali Razavi and Aaron van den Oord and Oriol Vinyals},
      year={2019},
      eprint={1906.00446},
      archivePrefix={arXiv},
      primaryClass={cs.LG}
}

@misc{karras2019stylebased,
      title={A Style-Based Generator Architecture for Generative Adversarial Networks}, 
      author={Tero Karras and Samuli Laine and Timo Aila},
      year={2019},
      eprint={1812.04948},
      archivePrefix={arXiv},
      primaryClass={cs.NE}
}

@misc{russakovsky2015imagenet,
      title={ImageNet Large Scale Visual Recognition Challenge}, 
      author={Olga Russakovsky and Jia Deng and Hao Su and Jonathan Krause and Sanjeev Satheesh and Sean Ma and Zhiheng Huang and Andrej Karpathy and Aditya Khosla and Michael Bernstein and Alexander C. Berg and Li Fei-Fei},
      year={2015},
      eprint={1409.0575},
      archivePrefix={arXiv},
      primaryClass={cs.CV}
}

@misc{rope-eleutherai,
  title = {Rotary Embeddings: A Relative Revolution},
  author = {Biderman, Stella and Black, Sid and Foster, Charles and Gao, Leo and Hallahan, Eric and He, Horace and Wang, Ben and Wang, Phil},
  howpublished = {\url{blog.eleuther.ai/}},
  note = {[Online; accessed ]},
  year = {2021}
}


@article{bondtaylor2021review,
   title={Deep Generative Modelling: A Comparative Review of VAEs, GANs, Normalizing Flows, Energy-Based and Autoregressive Models},
   ISSN={1939-3539},
   url={http://dx.doi.org/10.1109/TPAMI.2021.3116668},
   DOI={10.1109/tpami.2021.3116668},
   journal={IEEE Transactions on Pattern Analysis and Machine Intelligence},
   publisher={Institute of Electrical and Electronics Engineers (IEEE)},
   author={Bond-Taylor, Sam and Leach, Adam and Long, Yang and Willcocks, Chris G.},
   year={2021},
   pages={1–1} }

@misc{vaswani2017attention,
      title={Attention Is All You Need}, 
      author={Ashish Vaswani and Noam Shazeer and Niki Parmar and Jakob Uszkoreit and Llion Jones and Aidan N. Gomez and Lukasz Kaiser and Illia Polosukhin},
      year={2017},
      eprint={1706.03762},
      archivePrefix={arXiv},
      primaryClass={cs.CL}
}

@misc{dai2020funneltransformer,
      title={Funnel-Transformer: Filtering out Sequential Redundancy for Efficient Language Processing}, 
      author={Zihang Dai and Guokun Lai and Yiming Yang and Quoc V. Le},
      year={2020},
      eprint={2006.03236},
      archivePrefix={arXiv},
      primaryClass={cs.LG}
}

@misc{devlin2019bert,
      title={BERT: Pre-training of Deep Bidirectional Transformers for Language Understanding}, 
      author={Jacob Devlin and Ming-Wei Chang and Kenton Lee and Kristina Toutanova},
      year={2019},
      eprint={1810.04805},
      archivePrefix={arXiv},
      primaryClass={cs.CL}
}

@misc{wang2019bert,
      title={BERT has a Mouth, and It Must Speak: BERT as a Markov Random Field Language Model}, 
      author={Alex Wang and Kyunghyun Cho},
      year={2019},
      eprint={1902.04094},
      archivePrefix={arXiv},
      primaryClass={cs.CL}
}

@misc{xiao2021trilemma,
    Author = {Zhisheng Xiao and Karsten Kreis and Arash Vahdat},
    Title = {Tackling the Generative Learning Trilemma with Denoising Diffusion GANs},
    Year = {2021},
    Eprint = {arXiv:2112.07804},
}

@misc{austin2021structured,
    Author = {Jacob Austin and Daniel D. Johnson and Jonathan Ho and Daniel Tarlow and Rianne van den Berg},
    Title = {Structured Denoising Diffusion Models in Discrete State-Spaces},
    Year = {2021},
    Eprint = {arXiv:2107.03006},
}

@misc{parmar2018image,
    Author = {Niki Parmar and Ashish Vaswani and Jakob Uszkoreit and Łukasz Kaiser and Noam Shazeer and Alexander Ku and Dustin Tran},
    Title = {Image Transformer},
    Year = {2018},
    Eprint = {arXiv:1802.05751},
}

@misc{ramesh2021dalle,
    Author = {Aditya Ramesh and Mikhail Pavlov and Gabriel Goh and Scott Gray and Chelsea Voss and Alec Radford and Mark Chen and Ilya Sutskever},
    Title = {Zero-Shot Text-to-Image Generation},
    Year = {2021},
    Eprint = {arXiv:2102.12092},
}

@misc{chen2017snail,
    Author = {Xi Chen and Nikhil Mishra and Mostafa Rohaninejad and Pieter Abbeel},
    Title = {PixelSNAIL: An Improved Autoregressive Generative Model},
    Year = {2017},
    Eprint = {arXiv:1712.09763},
}

@misc{kingma2013vae,
    Author = {Diederik P Kingma and Max Welling},
    Title = {Auto-Encoding Variational Bayes},
    Year = {2013},
    Eprint = {arXiv:1312.6114},
}

@misc{oord2017vqvae,
    Author = {Aaron van den Oord and Oriol Vinyals and Koray Kavukcuoglu},
    Title = {Neural Discrete Representation Learning},
    Year = {2017},
    Eprint = {arXiv:1711.00937},
}

@misc{vahdat2021sbmlatent,
    Author = {Arash Vahdat and Karsten Kreis and Jan Kautz},
    Title = {Score-based Generative Modeling in Latent Space},
    Year = {2021},
    Eprint = {arXiv:2106.05931},
}

@misc{goodfellow2014gan,
    Author = {Ian J. Goodfellow and Jean Pouget-Abadie and Mehdi Mirza and Bing Xu and David Warde-Farley and Sherjil Ozair and Aaron Courville and Yoshua Bengio},
    Title = {Generative Adversarial Networks},
    Year = {2014},
    Eprint = {arXiv:1406.2661},
}

@misc{oord2016pixelrnn,
    Author = {Aaron van den Oord and Nal Kalchbrenner and Koray Kavukcuoglu},
    Title = {Pixel Recurrent Neural Networks},
    Year = {2016},
    Eprint = {arXiv:1601.06759},
}

@misc{oord2016pixelcnn,
    Author = {Aaron van den Oord and Nal Kalchbrenner and Oriol Vinyals and Lasse Espeholt and Alex Graves and Koray Kavukcuoglu},
    Title = {Conditional Image Generation with PixelCNN Decoders},
    Year = {2016},
    Eprint = {arXiv:1606.05328},
}

@misc{pascanu2012rnn,
    Author = {Razvan Pascanu and Tomas Mikolov and Yoshua Bengio},
    Title = {On the difficulty of training Recurrent Neural Networks},
    Year = {2012},
    Eprint = {arXiv:1211.5063},
}

@Article{hoch1997lstm,
  author      = {Sepp Hochreiter and Jürgen Schmidhuber},
  journal     = {Neural Computation},
  title       = {Long Short-Term Memory},
  year        = {1997},
  number      = {8},
  pages       = {1735--1780},
  volume      = {9},
}

@misc{cho2014gru,
    Author = {Kyunghyun Cho and Bart van Merrienboer and Dzmitry Bahdanau and Yoshua Bengio},
    Title = {On the Properties of Neural Machine Translation: Encoder-Decoder Approaches},
    Year = {2014},
    Eprint = {arXiv:1409.1259},
}

@misc{yu2021vqgan,
    Author = {Jiahui Yu and Xin Li and Jing Yu Koh and Han Zhang and Ruoming Pang and James Qin and Alexander Ku and Yuanzhong Xu and Jason Baldridge and Yonghui Wu},
    Title = {Vector-quantized Image Modeling with Improved VQGAN},
    Year = {2021},
    Eprint = {arXiv:2110.04627},
}

@misc{jang2016gumbel,
    Author = {Eric Jang and Shixiang Gu and Ben Poole},
    Title = {Categorical Reparameterization with Gumbel-Softmax},
    Year = {2016},
    Eprint = {arXiv:1611.01144},
}

@misc{zeghidour2021soundstream,
    Author = {Neil Zeghidour and Alejandro Luebs and Ahmed Omran and Jan Skoglund and Marco Tagliasacchi},
    Title = {SoundStream: An End-to-End Neural Audio Codec},
    Year = {2021},
    Eprint = {arXiv:2107.03312},
}

@misc{lee2022rqvae,
    Author = {Doyup Lee and Chiheon Kim and Saehoon Kim and Minsu Cho and Wook-Shin Han},
    Title = {Autoregressive Image Generation using Residual Quantization},
    Year = {2022},
    Eprint = {arXiv:2203.01941},
}

@misc{autume2019scratchgan,
  doi = {10.48550/ARXIV.1905.09922},
  url = {https://arxiv.org/abs/1905.09922},
  author = {d'Autume, Cyprien de Masson and Rosca, Mihaela and Rae, Jack and Mohamed, Shakir},
  keywords = {Computation and Language (cs.CL), Machine Learning (cs.LG), Machine Learning (stat.ML), FOS: Computer and information sciences, FOS: Computer and information sciences},
  title = {Training language GANs from Scratch},
  publisher = {arXiv},
  year = {2019},
  copyright = {arXiv.org perpetual, non-exclusive license}
}

@misc{tero2018stylegan,
  doi = {10.48550/ARXIV.1812.04948},
  url = {https://arxiv.org/abs/1812.04948},
  author = {Karras, Tero and Laine, Samuli and Aila, Timo},
  keywords = {Neural and Evolutionary Computing (cs.NE), Machine Learning (cs.LG), Machine Learning (stat.ML), FOS: Computer and information sciences, FOS: Computer and information sciences},
  title = {A Style-Based Generator Architecture for Generative Adversarial Networks},
  publisher = {arXiv},
  year = {2018},
  copyright = {arXiv.org perpetual, non-exclusive license}
}

@misc{andrew2018biggan,
  doi = {10.48550/ARXIV.1809.11096},
  url = {https://arxiv.org/abs/1809.11096},
  author = {Brock, Andrew and Donahue, Jeff and Simonyan, Karen},
  keywords = {Machine Learning (cs.LG), Machine Learning (stat.ML), FOS: Computer and information sciences, FOS: Computer and information sciences},
  title = {Large Scale GAN Training for High Fidelity Natural Image Synthesis},
  publisher = {arXiv},
  year = {2018},
  copyright = {arXiv.org perpetual, non-exclusive license}
}

@misc{liu2020audiogan,
    Author = {Jen-Yu Liu and Yu-Hua Chen and Yin-Cheng Yeh and Yi-Hsuan Yang},
    Title = {Unconditional Audio Generation with Generative Adversarial Networks and Cycle Regularization},
    Year = {2020},
    Eprint = {arXiv:2005.08526},
    Doi = {10.21437/Interspeech.2020-1137},
}


@misc{zhu2017cyclegan,
  doi = {10.48550/ARXIV.1703.10593},
  url = {https://arxiv.org/abs/1703.10593},
  author = {Zhu, Jun-Yan and Park, Taesung and Isola, Phillip and Efros, Alexei A.},
  keywords = {Computer Vision and Pattern Recognition (cs.CV), FOS: Computer and information sciences, FOS: Computer and information sciences},
  title = {Unpaired Image-to-Image Translation using Cycle-Consistent Adversarial Networks},
  publisher = {arXiv},
  year = {2017},
  copyright = {arXiv.org perpetual, non-exclusive license}
}

@misc{child2020vqvae,
  doi = {10.48550/ARXIV.2011.10650},
  url = {https://arxiv.org/abs/2011.10650},
  author = {Child, Rewon},
  keywords = {Machine Learning (cs.LG), Computer Vision and Pattern Recognition (cs.CV), FOS: Computer and information sciences, FOS: Computer and information sciences},
  title = {Very Deep VAEs Generalize Autoregressive Models and Can Outperform Them on Images},
  publisher = {arXiv},
  year = {2020},
  copyright = {arXiv.org perpetual, non-exclusive license}
}

@misc{arash2020nvae,
  doi = {10.48550/ARXIV.2007.03898},
  url = {https://arxiv.org/abs/2007.03898},
  author = {Vahdat, Arash and Kautz, Jan},
  keywords = {Machine Learning (stat.ML), Computer Vision and Pattern Recognition (cs.CV), Machine Learning (cs.LG), FOS: Computer and information sciences, FOS: Computer and information sciences},
  title = {NVAE: A Deep Hierarchical Variational Autoencoder},
  publisher = {arXiv},
  year = {2020},
  copyright = {arXiv.org perpetual, non-exclusive license}
}

@misc{martineau2021fast,
  doi = {10.48550/ARXIV.2105.14080},
  url = {https://arxiv.org/abs/2105.14080},
  author = {Jolicoeur-Martineau, Alexia and Li, Ke and Piché-Taillefer, Rémi and Kachman, Tal and Mitliagkas, Ioannis},
  keywords = {Machine Learning (cs.LG), Computer Vision and Pattern Recognition (cs.CV), Optimization and Control (math.OC), Machine Learning (stat.ML), FOS: Computer and information sciences, FOS: Computer and information sciences, FOS: Mathematics, FOS: Mathematics},
  title = {Gotta Go Fast When Generating Data with Score-Based Models},
  publisher = {arXiv},
  year = {2021},
  copyright = {arXiv.org perpetual, non-exclusive license}
}


@misc{dockhorn2021langevin,
  doi = {10.48550/ARXIV.2112.07068},
  url = {https://arxiv.org/abs/2112.07068},
  author = {Dockhorn, Tim and Vahdat, Arash and Kreis, Karsten},
  keywords = {Machine Learning (stat.ML), Machine Learning (cs.LG), FOS: Computer and information sciences, FOS: Computer and information sciences},
  title = {Score-Based Generative Modeling with Critically-Damped Langevin Diffusion},
  publisher = {arXiv},
  year = {2021},
  copyright = {arXiv.org perpetual, non-exclusive license}
}

@misc{ramesh2022dalle2,
    title   = {Hierarchical Text-Conditional Image Generation with CLIP Latents}, 
    author  = {Aditya Ramesh et al},
    year    = {2022},
    url     = {https://cdn.openai.com/papers/dall-e-2.pdf},
}

@misc{rombach2021highresolution,
      title={High-Resolution Image Synthesis with Latent Diffusion Models}, 
      author={Robin Rombach and Andreas Blattmann and Dominik Lorenz and Patrick Esser and Björn Ommer},
      year={2021},
      eprint={2112.10752},
      archivePrefix={arXiv},
      primaryClass={cs.CV}
}

@misc{karen2014vg18,
  doi = {10.48550/ARXIV.1409.1556},
  url = {https://arxiv.org/abs/1409.1556},
  author = {Simonyan, Karen and Zisserman, Andrew},
  keywords = {Computer Vision and Pattern Recognition (cs.CV), FOS: Computer and information sciences, FOS: Computer and information sciences},
  title = {Very Deep Convolutional Networks for Large-Scale Image Recognition},
  publisher = {arXiv},
  year = {2014},
  copyright = {arXiv.org perpetual, non-exclusive license}
}

@article{kingma2014adam,
  title={Adam: A method for stochastic optimization},
  author={Kingma, Diederik P and Ba, Jimmy},
  journal={arXiv preprint arXiv:1412.6980},
  year={2014}
}

@incollection{paszke2019pytorch,
title = {PyTorch: An Imperative Style, High-Performance Deep Learning Library},
author = {Paszke, Adam and Gross, Sam and Massa, Francisco and Lerer, Adam and Bradbury, James and Chanan, Gregory and Killeen, Trevor and Lin, Zeming and Gimelshein, Natalia and Antiga, Luca and Desmaison, Alban and Kopf, Andreas and Yang, Edward and DeVito, Zachary and Raison, Martin and Tejani, Alykhan and Chilamkurthy, Sasank and Steiner, Benoit and Fang, Lu and Bai, Junjie and Chintala, Soumith},
booktitle = {Advances in Neural Information Processing Systems 32},
editor = {H. Wallach and H. Larochelle and A. Beygelzimer and F. d\textquotesingle Alch\'{e}-Buc and E. Fox and R. Garnett},
pages = {8024--8035},
year = {2019},
publisher = {Curran Associates, Inc.},
url = {http://papers.neurips.cc/paper/9015-pytorch-an-imperative-style-high-performance-deep-learning-library.pdf}
}

@article{hazami2022efficient,
  title={Efficient-VDVAE: Less is more},
  author={Hazami, Louay and Mama, Rayhane and Thurairatnam, Ragavan},
  journal={arXiv preprint arXiv:2203.13751},
  year={2022}
}

@article{mishkin2022risks,
  title={DALL·E 2 Preview - Risks and Limitations},
  author={Mishkin, Pamela and Ahmad, Lama and Brundage, Miles and Krueger, Gretchen and Sastry, Girish},
  year={2022},
  url={[https://github.com/openai/dalle-2-preview/blob/main/system-card.md](https://github.com/openai/dalle-2-preview/blob/main/system-card.md)}
}


@inproceedings{chong2020effectively,
  title={Effectively unbiased fid and inception score and where to find them},
  author={Chong, Min Jin and Forsyth, David},
  booktitle={Proceedings of the IEEE/CVF conference on computer vision and pattern recognition},
  pages={6070--6079},
  year={2020}
}

@article{ferjad2020icml,
  title = {Reliable Fidelity and Diversity Metrics for Generative Models},
  author = {Naeem, Muhammad Ferjad and Oh, Seong Joon and Uh, Youngjung and Choi, Yunjey and Yoo, Jaejun},
  year = {2020},
  booktitle = {International Conference on Machine Learning},
}

@article{hoogeboom2021autoregressive,
  title={Autoregressive diffusion models},
  author={Hoogeboom, Emiel and Gritsenko, Alexey A and Bastings, Jasmijn and Poole, Ben and Berg, Rianne van den and Salimans, Tim},
  journal={arXiv preprint arXiv:2110.02037},
  year={2021}
}

@article{kingma2018glow,
  title={Glow: Generative flow with invertible 1x1 convolutions},
  author={Kingma, Durk P and Dhariwal, Prafulla},
  journal={Advances in neural information processing systems},
  volume={31},
  year={2018}
}

@article{dinh2014nice,
  title={Nice: Non-linear independent components estimation},
  author={Dinh, Laurent and Krueger, David and Bengio, Yoshua},
  journal={arXiv preprint arXiv:1410.8516},
  year={2014}
}

@article{dinh2016density,
  title={Density estimation using real nvp},
  author={Dinh, Laurent and Sohl-Dickstein, Jascha and Bengio, Samy},
  journal={arXiv preprint arXiv:1605.08803},
  year={2016}
}
